<?xml version="1.0" encoding="UTF-8"?><collection xmlns="http://www.loc.gov/MARC21/slim"><record><leader>00345nam--2200121-i-4500</leader><controlfield tag="001">000046260</controlfield><controlfield tag="002">20161230</controlfield><controlfield tag="005">20161230201045</controlfield><controlfield tag="008">060222s1000------------r-----000-0-eng-d</controlfield><datafield ind1=" " ind2=" " tag="100"><subfield code="a">Van Wazer, J. R</subfield></datafield><datafield ind1=" " ind2=" " tag="245"><subfield code="a">Phosphorus and its compounds. vol.ii: technology, biological functions</subfield></datafield><datafield ind1=" " ind2=" " tag="260"><subfield code="a">New York, Interscience Publ.Inc., 1961</subfield></datafield><datafield ind1=" " ind2=" " tag="852"><subfield code="a">16302</subfield></datafield></record></collection>